@article{hu2019neural,
  title = {Neural network model extraction attacks in edge devices by hearing architectural hints},
  author = {Hu, Xing and Liang, Ling and Deng, Lei and Li, Shuangchen and Xie, Xinfeng and Ji, Yu and Ding, Yufei and Liu, Chang and Sherwood, Timothy and Xie, Yuan},
  journal = {arXiv preprint arXiv:1903.03916},
  year = {2019}
}

@inproceedings{yan2020cache,
  title = {Cache telepathy: Leveraging shared resource attacks to learn $\{$DNN$\}$ architectures},
  author = {Yan, Mengjia and Fletcher, Christopher W and Torrellas, Josep},
  booktitle = {29th $\{$USENIX$\}$ Security Symposium ($\{$USENIX$\}$ Security 20)},
  pages = {2003--2020},
  year = {2020}
}

@inproceedings{liu2019vulnerability,
  title = {Vulnerability analysis on noise-injection based hardware attack on deep neural networks},
  author = {Liu, Wenye and Wang, Si and Chang, Chip-Hong},
  booktitle = {2019 Asian Hardware Oriented Security and Trust Symposium (AsianHOST)},
  pages = {1--6},
  year = {2019},
  organization = {IEEE}
}

@article{xiang2020open,
  title = {Open dnn box by power side-channel attack},
  author = {Xiang, Yun and Chen, Zhuangzhi and Chen, Zuohui and Fang, Zebin and Hao, Haiyang and Chen, Jinyin and Liu, Yi and Wu, Zhefu and Xuan, Qi and Yang, Xiaoniu},
  journal = {IEEE Transactions on Circuits and Systems II: Express Briefs},
  volume = {67},
  number = {11},
  pages = {2717--2721},
  year = {2020},
  publisher = {IEEE}
}

@inproceedings{yu2020deepem,
  title = {DeepEM: Deep Neural Networks Model Recovery through EM Side-Channel Information Leakage},
  author = {Yu, Honggang and Ma, Haocheng and Yang, Kaichen and Zhao, Yiqiang and Jin, Yier},
  booktitle = {2020 IEEE International Symposium on Hardware Oriented Security and Trust (HOST)},
  pages = {209--218},
  year = {2020},
  organization = {IEEE}
}

@inproceedings{batina2019csi,
  title = {$\{$CSI$\}$$\{$NN$\}$: Reverse Engineering of Neural Network Architectures Through Electromagnetic Side Channel},
  author = {Batina, Lejla and Bhasin, Shivam and Jap, Dirmanto and Picek, Stjepan},
  booktitle = {28th $\{$USENIX$\}$ Security Symposium ($\{$USENIX$\}$ Security 19)},
  pages = {515--532},
  year = {2019}
}

@article{breier2021sniff,
  title = {SNIFF: reverse engineering of neural networks with fault attacks},
  author = {Breier, Jakub and Jap, Dirmanto and Hou, Xiaolu and Bhasin, Shivam and Liu, Yang},
  journal = {IEEE Transactions on Reliability},
  year = {2021},
  publisher = {IEEE}
}

@article{odetola2019stealthy,
  title = {A stealthy hardware trojan exploiting the architectural vulnerability of deep learning architectures: Input interception attack (IIA)},
  author = {Odetola, Tolulope A and Mohammed, Hawzhin Raoof and Hasan, Syed Rafay},
  journal = {arXiv preprint arXiv:1911.00783},
  year = {2019}
}

@inproceedings{ye2018hardware,
  title = {Hardware Trojan in FPGA CNN accelerator},
  author = {Ye, Jing and Hu, Yu and Li, Xiaowei},
  booktitle = {2018 IEEE 27th Asian Test Symposium (ATS)},
  pages = {68--73},
  year = {2018},
  organization = {IEEE}
}

@inproceedings{liu2020sequence,
  title = {Sequence triggered hardware trojan in neural network accelerator},
  author = {Liu, Zizhen and Ye, Jing and Hu, Xing and Li, Huawei and Li, Xiaowei and Hu, Yu},
  booktitle = {2020 IEEE 38th VLSI Test Symposium (VTS)},
  pages = {1--6},
  year = {2020},
  organization = {IEEE}
}

@inproceedings{rakin2019bit,
  title = {Bit-flip attack: Crushing neural network with progressive bit search},
  author = {Rakin, Adnan Siraj and He, Zhezhi and Fan, Deliang},
  booktitle = {Proceedings of the IEEE/CVF International Conference on Computer Vision},
  pages = {1211--1220},
  year = {2019}
}

@inproceedings{ye2019adversarial,
  title = {Adversarial robustness vs. model compression, or both?},
  author = {Ye, Shaokai and Xu, Kaidi and Liu, Sijia and Cheng, Hao and Lambrechts, Jan-Henrik and Zhang, Huan and Zhou, Aojun and Ma, Kaisheng and Wang, Yanzhi and Lin, Xue},
  booktitle = {Proceedings of the IEEE/CVF International Conference on Computer Vision},
  pages = {111--120},
  year = {2019}
}

@article{rakin2018defend,
  title = {Defend deep neural networks against adversarial examples via fixed and dynamic quantized activation functions},
  author = {Rakin, Adnan Siraj and Yi, Jinfeng and Gong, Boqing and Fan, Deliang},
  journal = {arXiv preprint arXiv:1807.06714},
  year = {2018}
}